@book{Vogel,
    author = "Hendrik Kasten und Denis Vogel",
    title = "Grundlagen der ebenen Geometrie",
    year = "2018",
    publisher = "Springer Spektrum, Berlin, Heidelberg"
}
@phdthesis{rau1985geometric,
  title={Geometric constructions},
  author={Rau, Jack M},
  year={1985},
  school={Oklahoma State University}
}